<?xml version="1.0" encoding="UTF-8"?><collection xmlns="http://www.loc.gov/MARC21/slim"><record><leader>00548nam--2200193-i-4500</leader><controlfield tag="001">000029776</controlfield><controlfield tag="002">20161230</controlfield><controlfield tag="005">20161230201037</controlfield><controlfield tag="008">060222s1000------------r-----000-0-eng-d</controlfield><datafield ind1=" " ind2=" " tag="020"><subfield code="a">0471547859</subfield></datafield><datafield ind1=" " ind2=" " tag="040"><subfield code="a">IFIN-HH</subfield></datafield><datafield ind1=" " ind2=" " tag="080"><subfield code="a">530.16:539-12</subfield></datafield><datafield ind1="1" ind2=" " tag="100"><subfield code="a">Louisell, William H</subfield></datafield><datafield ind1="1" ind2="0" tag="245"><subfield code="a">Quantum statistical properties of radiation</subfield><subfield code="c">William h. louisell</subfield></datafield><datafield ind1=" " ind2=" " tag="260"><subfield code="a">TORONTO</subfield><subfield code="b">John Wiley &amp; Sons</subfield><subfield code="c">1973</subfield></datafield><datafield ind1=" " ind2=" " tag="300"><subfield code="a">XIV + 528P</subfield></datafield><datafield ind1=" " ind2=" " tag="490"><subfield code="a">Wiley Series In Pure And Applied Optics</subfield></datafield><datafield ind1=" " ind2=" " tag="852"><subfield code="a">41988</subfield><subfield code="c">530.161</subfield></datafield><datafield ind1=" " ind2=" " tag="CAT"><subfield code="a">Sys</subfield><subfield code="c">20101217</subfield><subfield code="h">132720</subfield></datafield></record></collection>